<?xml version="1.0" encoding="UTF-8"?>
<collection xmlns:xsi="http://www.w3.org/2001/XMLSchema-instance" xsi:schemaLocation="http://www.loc.gov/MARC21/slim http://www.loc.gov/standards/marcxml/schema/MARC21slim.xsd" xmlns="http://www.loc.gov/MARC21/slim">
<record>
  <leader>01933cam a2200421 a 4500</leader>
  <controlfield tag="001">683201</controlfield>
  <controlfield tag="003">NNC</controlfield>
  <controlfield tag="005">20130423145525.0</controlfield>
  <controlfield tag="008">890117m19849999ir       b    000 0cara d</controlfield>
  <datafield tag="035" ind1=" " ind2=" ">
    <subfield code="a">(OCoLC)21933786</subfield>
  </datafield>
  <datafield tag="035" ind1=" " ind2=" ">
    <subfield code="a">(OCoLC)ocm21933786</subfield>
  </datafield>
  <datafield tag="035" ind1=" " ind2=" ">
    <subfield code="a">(CStRLIN)NYCG88-B69492</subfield>
  </datafield>
  <datafield tag="035" ind1=" " ind2=" ">
    <subfield code="9">ACZ2473CU</subfield>
  </datafield>
  <datafield tag="035" ind1=" " ind2=" ">
    <subfield code="a">(NNC)683201</subfield>
  </datafield>
  <datafield tag="040" ind1=" " ind2=" ">
    <subfield code="a">NjP</subfield>
    <subfield code="c">NjP</subfield>
    <subfield code="d">CtY</subfield>
  </datafield>
  <datafield tag="043" ind1=" " ind2=" ">
    <subfield code="a">a-ir---</subfield>
  </datafield>
  <datafield tag="066" ind1=" " ind2=" ">
    <subfield code="c">(3</subfield>
  </datafield>
  <datafield tag="090" ind1=" " ind2=" ">
    <subfield code="a">BP70</subfield>
    <subfield code="b">.A56 1984</subfield>
    <subfield code="!">EGAG</subfield>
  </datafield>
  <datafield tag="090" ind1=" " ind2=" ">
    <subfield code="a">Middle Eastern Division</subfield>
    <subfield code="!">MHAU</subfield>
  </datafield>
  <datafield tag="090" ind1=" " ind2=" ">
    <subfield code="a">BP136.48</subfield>
    <subfield code="b">.A44 1984</subfield>
    <subfield code="!">PAUG</subfield>
  </datafield>
  <datafield tag="100" ind1="1" ind2=" ">
    <subfield code="6">880-01</subfield>
    <subfield code="a">Āl Qays, Qays.</subfield>
  </datafield>
  <datafield tag="245" ind1="1" ind2="3">
    <subfield code="6">880-02</subfield>
    <subfield code="a">al-Īrāniyūn wa-al-adab al-ʻArabī /</subfield>
    <subfield code="c">taʾlīf Qays Āl Qays.</subfield>
  </datafield>
  <datafield tag="260" ind1=" " ind2=" ">
    <subfield code="6">880-03</subfield>
    <subfield code="a">Tehran :</subfield>
    <subfield code="b">Muʾassasat al-Buḥūth wa-al-Taḥqīqāt al-Thaqāfīyah,</subfield>
    <subfield code="c">1984-</subfield>
  </datafield>
  <datafield tag="300" ind1=" " ind2=" ">
    <subfield code="a">v. in ;</subfield>
    <subfield code="c">24 cm.</subfield>
  </datafield>
  <datafield tag="500" ind1=" " ind2=" ">
    <subfield code="a">Title on added t.p.: Iranians and Arab literature.</subfield>
  </datafield>
  <datafield tag="504" ind1=" " ind2=" ">
    <subfield code="a">Includes bibliographies.</subfield>
  </datafield>
  <datafield tag="500" ind1=" " ind2=" ">
    <subfield code="a">Vol. 6 has imprint: Tehran : Institute of Humanities &amp; Cultural Studies, 1995.</subfield>
  </datafield>
  <datafield tag="505" ind1="1" ind2=" ">
    <subfield code="a">al-mujallad 1, al-qism 1-2. Rijāl ʻulūm al-Qurʾān -- al-mujallad 2, al-qism 1-2. Rijāl ʻilm al-Ḥadīth -- al-mujallad 3. Rijāl fiqh al-Shīʻah al-Imāmīyah -- al-mujallad 4. Rijāl fiqh al-Shāfiʻīyah -- al-mujallad 5. Rijāl fiqh al-Ḥanafīyah -- al-mujallad 6. Rijāl fiqh al-Mālikīyah wa-al-Ḥanbalīyah.</subfield>
  </datafield>
  <datafield tag="650" ind1=" " ind2="0">
    <subfield code="a">Qurʼanic scholars</subfield>
    <subfield code="z">Iran</subfield>
    <subfield code="v">Bio-bibliography.</subfield>
  </datafield>
  <datafield tag="650" ind1=" " ind2="0">
    <subfield code="a">Hadith scholars</subfield>
    <subfield code="z">Iran</subfield>
    <subfield code="v">Bio-bibliography.</subfield>
  </datafield>
  <datafield tag="740" ind1="0" ind2=" ">
    <subfield code="a">Iranians and Arab literature.</subfield>
  </datafield>
  <datafield tag="880" ind1="1" ind2=" ">
    <subfield code="6">100-01/(3/r</subfield>
    <subfield code="a">آل قيس، قيس.</subfield>
  </datafield>
  <datafield tag="880" ind1="1" ind2="2">
    <subfield code="6">245-02/(3/r</subfield>
    <subfield code="a">الايرانيون والأدب العربي /</subfield>
    <subfield code="c">تأليف قيس آل قيس.</subfield>
  </datafield>
  <datafield tag="880" ind1=" " ind2=" ">
    <subfield code="6">260-03/(3/r</subfield>
    <subfield code="a">تهران :</subfield>
    <subfield code="b">مؤسسة البحوث والتحقيقات الثقافية،</subfield>
    <subfield code="c">٤٨٩١-</subfield>
  </datafield>
  <datafield tag="955" ind1=" " ind2=" ">
    <subfield code="b">CU59598042</subfield>
    <subfield code="d">off,glx</subfield>
    <subfield code="e">ME09912</subfield>
  </datafield>
</record>
</collection>